@inproceedings{CJP19_simpleCR,
  author    = {Yi-Jun Chang and Wenyu Jin and Seth Pettie},
  title     = {Simple Contention Resolution via Multiplicative Weight Updates},
  booktitle   = {Proc.\ 2nd Symp.\ on Simplicity in Algorithms (SOSA)},
  pages = {16:1--16:16},
    year      = {2019}
}